@misc{cryptoeprint:2011:319,
    author = {Jan Camenisch and Kristiyan Haralambiev and Markulf Kohlweiss and Jorn Lapon and Vincent Naessens},
    title = {Structure Preserving CCA Secure Encryption and Its Application to Oblivious Third Parties},
    howpublished = {Cryptology ePrint Archive, Report 2011/319},
    year = {2011},
    note = {\url{https://eprint.iacr.org/2011/319}},
}

@misc{DLC,
  title={Discreet Log Contracts},
  author={Dryja, Thaddeus},
  howpublished={\url{https://adiabat.github.io/dlc.pdf}},
  year={2017}
}


@misc{musig,
    author = {Gregory Maxwell and Andrew Poelstra and Yannick Seurin and Pieter Wuille},
    title = {Simple Schnorr Multi-Signatures with Applications to Bitcoin},
    howpublished = {Cryptology ePrint Archive, Report 2018/068},
    year = {2018},
    note = {\url{https://eprint.iacr.org/2018/068}},
}

@misc{KEA,
    author = {Mihir Bellare and Adriana Palacio},
    title = {The Knowledge-of-Exponent Assumptions and 3-Round Zero-Knowledge Protocols},
    howpublished = {Cryptology ePrint Archive, Report 2004/008},
    year = {2004},
    note = {\url{https://eprint.iacr.org/2004/008}},
}

@misc{base2048,
    title = {base2048},
    author = { qntm },
    url = {https://github.com/qntm/base2048},
    note = {Accessed on 2020-01-10}
}

@misc{opcheckmultisig,
   title = {Script},
   author = {{Bitcoin Wiki}},
   url = {https://en.bitcoin.it/wiki/Script},
   note = {Accessed on 2020-01-10}
}

@article{augur,
  author    = {Jack Peterson and
               Joseph Krug},
  title     = {Augur: a decentralized, open-source platform for prediction markets},
  journal   = {CoRR},
  volume    = {abs/1501.01042},
  year      = {2015},
  url       = {http://arxiv.org/abs/1501.01042},
  archivePrefix = {arXiv},
  eprint    = {1501.01042},
  timestamp = {Mon, 13 Aug 2018 16:46:54 +0200},
  biburl    = {https://dblp.org/rec/bib/journals/corr/PetersonK15},
  bibsource = {dblp computer science bibliography, https://dblp.org}
}
